@manual{foo,
  url = {The Visualization Toolkit User's Guide},
  organization = {Kitware, Inc.},
  year = {2003},
  month = {January}
}

@misc{notes2002,
  author = {Georges Grinstein and Daniel Keim and Matthew Ward},
  title = {Information Visualization, Visual Data Mining, and Its Application to Drug Design},
  howpublished = {IEEE Visualization 2002 Course \#1 Notes},
  month = {October},
  year = {2002}
}
